@article{odena2016semi,
  title={Semi-supervised learning with generative adversarial networks},
  author={Odena, Augustus},
  journal={arXiv preprint arXiv:1606.01583},
  year={2016}
}

@inproceedings{chen2016infogan,
  title={Infogan: Interpretable representation learning by information maximizing generative adversarial nets},
  author={Chen, Xi and Duan, Yan and Houthooft, Rein and Schulman, John and Sutskever, Ilya and Abbeel, Pieter},
  booktitle={Advances in neural information processing systems},
  pages={2172--2180},
  year={2016}
}

@inproceedings{spurr2017guiding,
  title={Guiding infogan with semi-supervision},
  author={Spurr, Adrian and Aksan, Emre and Hilliges, Otmar},
  booktitle={Joint European Conference on Machine Learning and Knowledge Discovery in Databases},
  pages={119--134},
  year={2017},
  organization={Springer}
}

@article{mirza2014conditional,
  title={Conditional generative adversarial nets},
  author={Mirza, Mehdi and Osindero, Simon},
  journal={arXiv preprint arXiv:1411.1784},
  year={2014}
}

@article{springenberg2015unsupervised,
  title={Unsupervised and semi-supervised learning with categorical generative adversarial networks},
  author={Springenberg, Jost Tobias},
  journal={arXiv preprint arXiv:1511.06390},
  year={2015}
}

@article{dumoulin2016adversarially,
    title={Adversarially learned inference},
    author={Dumoulin, Vincent and Belghazi, Ishmael and Poole, Ben and Mastropietro, Olivier and Lamb, Alex and Arjovsky, Martin and Courville, Aaron},
    journal={arXiv preprint arXiv:1606.00704},
    year={2016}
}

@article{donahue2016adversarial,
    title={Adversarial feature learning},
    author={Donahue, Jeff and Kr{\"a}henb{\"u}hl, Philipp and Darrell, Trevor},
    journal={arXiv preprint arXiv:1605.09782},
    year={2016}
}

@inproceedings{odena2017conditional,
  title={Conditional image synthesis with auxiliary classifier gans},
  author={Odena, Augustus and Olah, Christopher and Shlens, Jonathon},
  booktitle={Proceedings of the 34th International Conference on Machine Learning-Volume 70},
  pages={2642--2651},
  year={2017},
  organization={JMLR. org}
}

@inproceedings{bao2017cvae,
  title={CVAE-GAN: fine-grained image generation through asymmetric training},
  author={Bao, Jianmin and Chen, Dong and Wen, Fang and Li, Houqiang and Hua, Gang},
  booktitle={Proceedings of the IEEE International Conference on Computer Vision},
  pages={2745--2754},
  year={2017}
}

