% This file contains many references rooted at my latex home for multiple
% documents.

@book{blitzstein2019introduction,
  title={Introduction to probability},
  author={Blitzstein, Joseph K and Hwang, Jessica},
  year={2019},
  publisher={Crc Press}
}
