@article{erhan2009visualizing,
  title={Visualizing higher-layer features of a deep network},
  author={Erhan, Dumitru and Bengio, Yoshua and Courville, Aaron and Vincent, Pascal},
  journal={University of Montreal},
  volume={1341},
  number={3},
  pages={1},
  year={2009}
}

@inproceedings{zeiler2014visualizing,
  title={Visualizing and understanding convolutional networks},
  author={Zeiler, Matthew D and Fergus, Rob},
  booktitle={European conference on computer vision},
  pages={818--833},
  year={2014},
  organization={Springer}
}

@inproceedings{mahendran2015understanding,
  title={Understanding deep image representations by inverting them},
  author={Mahendran, Aravindh and Vedaldi, Andrea},
  booktitle={Proceedings of the IEEE conference on computer vision and pattern recognition},
  pages={5188--5196},
  year={2015}
}

@article{simonyan2013deep,
  title={Deep inside convolutional networks: Visualising image classification models and saliency maps},
  author={Simonyan, Karen and Vedaldi, Andrea and Zisserman, Andrew},
  journal={arXiv preprint arXiv:1312.6034},
  year={2013}
}

@article{nguyen2016multifaceted,
  title={Multifaceted feature visualization: Uncovering the different types of features learned by each neuron in deep neural networks},
  author={Nguyen, Anh and Yosinski, Jason and Clune, Jeff},
  journal={arXiv preprint arXiv:1602.03616},
  year={2016}
}

@article{koh2017understanding,
  title={Understanding black-box predictions via influence functions},
  author={Koh, Pang Wei and Liang, Percy},
  journal={arXiv preprint arXiv:1703.04730},
  year={2017}
}

@article{shwartz2017opening,
  title={Opening the black box of deep neural networks via information},
  author={Shwartz-Ziv, Ravid and Tishby, Naftali},
  journal={arXiv preprint arXiv:1703.00810},
  year={2017}
}

@article{shamir2010learning,
  title={Learning and generalization with the information bottleneck},
  author={Shamir, Ohad and Sabato, Sivan and Tishby, Naftali},
  journal={Theoretical Computer Science},
  volume={411},
  number={29-30},
  pages={2696--2711},
  year={2010},
  publisher={Elsevier}
}
